

@article{alho:1990,
 author               = {Alho, J. M.},
 journal              = {Biometrics},
 pages                = {623--635},
 publisher            = {JSTOR},
 title                = {Logistic regression in capture-recapture models},
 year                 = {1990},
 }


@article{alldredge_etal:2007auk,
 title                = {Time-of-detection method for estimating abundance from point-count surveys},
 author               = {Alldredge, M.W. and Pollock, K.H. and Simons, T.R. and Collazo, J.A. and Shriner, S.A. and Johnson, DH},
 journal              = {The Auk},
 volume               = 124,
 number               = 2,
 pages                = {653--664},
 year                 = 2007
}


@article{alldredge_etal:2007jwm,
  title               = {A field evaluation of distance measurement error in auditory avian point count surveys},
  author              = {Alldredge, M.W. and Simons, T.R. and Pollock, K.H.},
  journal             = {The Journal of Wildlife Management},
  volume              = {71},
  number              = {8},
  pages               = {2759--2766},
  year                = {2007},
  publisher           = {Wiley Online Library}
}


@article{alldredge_etal:2007ea,
  title               = {Factors affecting aural detections of songbirds},
  author              = {Alldredge, M.W. and Simons, T.R. and Pollock, K.H.},
  journal             = {Ecological Applications},
  volume              = {17},
  number              = {3},
  pages               = {948--955},
  year                = {2007},
  publisher           = {Eco Soc America}
}


@incollection{barker_sauer:1992,
  title               = {Modeling population change from time series data},
  author              = {Barker, R.J. and Sauer, J.R.},
  booktitle           = {Wildlife 2001: populations},
  editor              = {D. R. McCullough and R. Barrett},
  pages               = {182--194},
  year                = {1992},
  publisher           = {Elsevier},
  address             = {New York}
}


@incollection{barker_sauer:1995,
  title               = {Statistical aspects of point count sampling},
  author              = {Barker, R.J. and Sauer, J.R.},
  booktitle           = {Monitoring Bird Populations by Point Counts},
  editor              = {CJ Ralph and JR Sauer and S. Droege},
  publisher           = {US Department of Agriculture, Forest Service General Technical Report PSW-GTR-149},
  pages               = {125--130},
  year                = {1995}
}



@article{bart_etal:2004,
  title               = {Density estimation in wildlife surveys},
  author              = {Bart, J. and Droege, S. and Geissler, P. and Peterjohn, B. and Ralph, C.J.},
  journal             = {Wildlife Society Bulletin},
  volume              = {32},
  number              = {4},
  pages               = {1242--1247},
  year                = {2004},
  publisher           = {BioOne}
}


@article{bart:2005,
  title               = {Monitoring the abundance of bird populations},
  author              = {Bart, J.},
  journal             = {The Auk},
  volume              = {122},
  number              = {1},
  pages               = {15--25},
  year                = {2005},
  publisher           = {BioOne}
}


@article{bibby_buckland:1987,
  title               = {Bias of bird census results due to detectability varying with habitat},
  author              = {Bibby, CJ and Buckland, ST},
  journal             = {Acta Oecologia},
  volume              = {8},
  number              = {2},
  pages               = {103--112},
  year                = {1987}
}


@article{bjornstad_etal:1999,
  title={Spatial population dynamics: analyzing patterns and processes of population synchrony},
  author={Bj{\o}rnstad, O.N. and Ims, R.A. and Lambin, X.},
  journal={Trends in Ecology \& Evolution},
  volume={14},
  number={11},
  pages={427--432},
  year={1999},
  publisher={Elsevier}
}


@article{bjornstad_grenfell:2001,
  title={Noisy clockwork: time series analysis of population fluctuations in animals},
  author={Bj{\o}rnstad, O.N. and Grenfell, B.T.},
  journal={Science},
  volume={293},
  number={5530},
  pages={638--643},
  year={2001},
  publisher={American Association for the Advancement of Science}
}


@article{bled_etal:2012,
 title                = {Impacts of Deepwater Horizon oil spill on avian population trends},
 author               = {Bled, F. and others},
 journal              = {Dont know},
 year                 = {2012}
}


@article{bulmer:1975,
  title={The statistical analysis of density dependence},
  author={Bulmer, MG},
  journal={Biometrics},
  pages={901--911},
  year={1975},
  publisher={JSTOR}
}


@article{borchers_etal:1998,
  title               = {Mark-recapture models for line transect surveys},
  author              = {Borchers, D.L. and Zucchini, W. and Fewster, R.M.},
  journal             = {Biometrics},
  pages               = {1207--1220},
  year                = {1998},
  publisher           = {JSTOR}
}


@Article{borchers:2012,
  author = 	 {Borchers, D.L.},
  title = 	 {Unknown},
  journal = 	 {Unknown},
  year = 	 {2012},
  OPTvolume = 	 {},
  OPTnumber = 	 {},
  OPTpages = 	 {},
  OPTmonth = 	 {},
  OPTnote = 	 {},
  OPTannote = 	 {}
}


@article{boulinier_etal:2001,
  title              = {Forest fragmentation and bird community dynamics: inference at regional scales},
  author             = {Boulinier, T. and Nichols, J.D. and Hines, J.E. and Sauer, J.R. and Flather, C.H. and Pollock, K.H.},
  journal            = {Ecology},
  volume             = {82},
  number             = {4},
  pages              = {1159--1169},
  year               = {2001},
  publisher          = {Eco Soc America}
}


@book{buckland_etal:2001,
 address              = {Oxford, {UK}},
 author               = {Buckland, S and Anderison, D and Burnham, K and Laake, J and Borcher, D and Thomas L},
 isbn                 = {9780198509271},
 publisher            = {Oxford University Press},
 shorttitle           = {Introduction to distance sampling},
 title                = {Introduction to distance sampling: estimating abundance of biological populations},
 year                 = {2001},
 }


@article{buckland_etal:2004,
  title={State-space models for the dynamics of wild animal populations},
  author={Buckland, ST and Newman, KB and Thomas, L. and Koesters, NB},
  journal={Ecological modelling},
  volume={171},
  number={1},
  pages={157--175},
  year={2004},
  publisher={Elsevier}
}


@article{burnham_overton:1979,
  title               = {Robust estimation of population size when capture probabilities vary among animals},
  author              = {Burnham, K.P. and Overton, W.S.},
  journal             = {Ecology},
  volume              = {60},
  number              = {5},
  pages               = {927--936},
  year                = {1979},
  publisher={Eco Soc America}
}


@article{campbell_francis:2011,
	title = {Using Stereo-Microphones to Evaluate Observer Variation in North American Breeding Bird Survey Point Counts},
	volume = {128},
	number = {2},
	journal = {The Auk},
	author = {Campbell, M. and Francis, C. M},
	year = {2011},
	pages = {303¡V-312}
},


@article{carroll_lombard:1985,
  title               = {A note on N estimators for the binomial distribution},
  author              = {Carroll, R.J. and Lombard, F.},
  journal             = {Journal of the American Statistical Association},
  pages               = {423--426},
  year                = {1985},
  publisher           = {JSTOR}
}


@article{chandler_etal:2009,
  title               = {Scrub-shrub bird habitat associations at multiple spatial scales in beaver meadows in massachusetts},
  author              = {Chandler, R.B. and King, D.I. and DeStefano, S.},
  journal             = {The Auk},
  volume              = {126},
  number              = {1},
  pages               = {186--197},
  year                = {2009},
  publisher           = {BioOne}
}

@article{chandler_etal:2011,
 author               = {Chandler, R and Royle, J and King, D},
 journal              = {Ecology},
 pages                = {1429--1435},
 publisher            = {Eco Soc America},
 title                = {{Inference about density and temporary emigration in unmarked populations}},
 volume               = {92},
 year                 = {2011},
 }


@article{clark_bjornstad:2004,
  title={Population time series: process variability, observation errors, missing values, lags, and hidden states},
  author={Clark, J.S. and Bj{\o}rnstad, O.N.},
  journal={Ecology},
  volume={85},
  number={11},
  pages={3140--3150},
  year={2004},
  publisher={Eco Soc America}
}


@book{cochran:2007,
 title                = {Sampling techniques},
 author               = {Cochran, W.G.},
 year                 = {2007},
 publisher            = {Wiley-India}
}


@article{cook_jacobson:1979,
  title               = {A design for estimating visibility bias in aerial surveys},
  author              = {Cook, R.D. and Jacobson, J.O.},
  journal             = {Biometrics},
  pages               = {735--742},
  year                = {1979},
  publisher           = {JSTOR}
}


@article{dail_madsen:2011,
 author               = {Dail, D and Madsen, L},
 journal              = {Biometrics},
 month                = {jun},
 number               = {2},
 pages                = {577--87},
 title                = {{Models for estimating abundance from repeated counts of an open metapopulation.}},
 volume               = {67},
 year                 = {2011},
}


@article{dennis_taper:1994,
  title={Density dependence in time series observations of natural populations: estimation and testing},
  author={Dennis, B. and Taper, M.L.},
  journal={Ecological monographs},
  volume={64},
  number={2},
  pages={205--224},
  year={1994},
  publisher={Eco Soc America}
}


@article{dennis_etal:2006,
  title={Estimating density dependence, process noise, and observation error},
  author={Dennis, B. and Ponciano, J.M. and Lele, S.R. and Taper, M.L. and Staples, D.F.},
  journal={Ecological Monographs},
  volume={76},
  number={3},
  pages={323--341},
  year={2006},
  publisher={Eco Soc America}
}


@article{diefenbach_etal:2003,
  title               = {Variability in grassland bird counts related to observer differences and species detection rates},
  author              = {Diefenbach, D.R. and Brauning, D.W. and Mattice, J.A. and Thompson III, FR},
  journal             = {The Auk},
  volume              = {120},
  number              = {4},
  pages               = {1168--1179},
  year                = {2003},
  publisher           = {BioOne}
}


@article{devalpine_hastings:2002,
  title={Fitting population models incorporating process noise and observation error},
  author={de Valpine, P. and Hastings, A.},
  journal={Ecological Monographs},
  volume={72},
  number={1},
  pages={57--76},
  year={2002},
  publisher={Eco Soc America}
}


@article{diefenbach_etal:2007,
  title               = {Incorporating availability for detection in estimates of bird abundance},
  author              = {Diefenbach, D.R. and Marshall, M.R. and Mattice, J.A. and Brauning, D.W. and Johnson, DH},
  journal             = {The Auk},
  volume              = {124},
  number              = {1},
  pages               = {96--106},
  year                = {2007},
  publisher           = {BioOne}
}


@article{efford_dawson:2009,
  title               = {Effect of distance-related heterogeneity on population size estimates from point counts},
  author              = {Efford, M.G. and Dawson, D.K.},
  journal             = {The Auk},
  volume              = {126},
  number              = {1},
  pages               = {100--111},
  year                = {2009},
  publisher           = {BioOne}
}


@article{farnsworth_etal:2002,
 author               = {Farnsworth, G L and Pollock, K H and Nichols, J D and Simons, T R and E., Hines J and R., Sauer J},
 journal              = {The Auk},
 number               = {2},
 pages                = {414--425},
 publisher            = {Ornithological Societies North America},
 title                = {{A removal model for estimating detection probabilities from point-count surveys}},
 volume               = {119},
 year                 = {2002},
}


@article{fiske_chandler:2011,
  title               = {unmarked: An R package for fitting hierarchical models of wildlife occurrence and abundance},
  author              = {Fiske, I. and Chandler, R.},
  journal             = {Journal of Statistical Software},
  volume              = {43},
  number              = {10},
  pages               = {1--23},
  year                = {2011}
}


@article{flather_sauer:1996,
  title               = {Using landscape ecology to test hypotheses about large-scale abundance patterns in migratory birds},
  author              = {Flather, C.H. and Sauer, J.R.},
  journal             = {Ecology},
  volume              = {77},
  number              = {1},
  pages               = {28--35},
  year                = {1996},
  publisher           = {Eco Soc America}
}


@article{gelman_rubin:1992,
	title = {Inference from iterative simulation using multiple sequences},
	volume = {7},
	number = {4},
	journal = {Statistical Science},
	author = {Gelman, A. and Rubin, D. B.},
	year = {1992},
	pages = {457¡V-472}
}


@article{gompertz:1825,
  title={On the nature of the function expressive of the law of human mortality, and on a new mode of determining the value of life contingencies},
  author={Gompertz, B.},
  journal={Philosophical transactions of the royal society of London},
  volume={115},
  pages={513--583},
  year={1825},
  publisher={JSTOR}
}


@article{griffith_etal:2010,
  title               = {Traffic effects on bird counts on North American breeding bird survey routes},
  author              = {Griffith, E.H. and Sauer, J.R. and Royle, J.A.},
  journal             = {The Auk},
  volume              = {127},
  number              = {2},
  pages               = {387--393},
  year                = {2010},
  publisher           = {JSTOR}
}


@article{hatfield_etal:2012,
  title={Population dynamics of Hawaiian seabird colonies vulnerable to sea-level rise},
  author={Hatfield, J.S. and Reynolds, M.H. and Seavy, N.E. and Krause, C.M.},
  journal={Conservation Biology},
  year={2012},
  publisher={Wiley Online Library}
}


@article{huggins:1989,
 author               = {Huggins, R M},
 journal              = {Biometrika},
 number               = {1},
 pages                = {133},
 publisher            = {Biometrika Trust},
 title                = {{On the statistical analysis of capture experiments}},
 volume               = {76},
 year                 = {1989},
 }


@article{jamieson_brooks:2004,
  title               = {Density dependence in North American ducks},
  author              = {Jamieson, LE and Brooks, SP},
  journal             = {Animal Biodiversity and Conservation},
  volume              = {27},
  number              = {1},
  pages               = {113--128},
  year                = {2004}
}


@article{johnson:2008,
  title               = {In defense of indices: the case of bird surveys},
  author              = {Johnson, D.H.},
  journal             = {The Journal of Wildlife Management},
  volume              = {72},
  number              = {4},
  pages               = {857--868},
  year                = {2008},
  publisher           = {Wiley Online Library}
}


@article{johnson_etal:2010,
  title               = {A Model-Based Approach for Making Ecological Inference from Distance Sampling Data},
  author              = {Johnson, D.S. and Laake, J.L. and Ver Hoef, J.M.},
  journal             = {Biometrics},
  volume              = {66},
  number              = {1},
  pages               = {310--318},
  year                = {2010},
  publisher           = {Wiley Online Library}
}


@article{kendall_etal:1996,
  title               = {First-time observer effects in the North American breeding bird survey},
  author              = {Kendall, W.L. and Peterjohn, B.G. and Sauer, J.R.},
  journal             = {The Auk},
  pages               = {823--829},
  year                = {1996},
  publisher           = {JSTOR}
}


@article{kery:2008,
  title               = {Estimating abundance from bird counts: binomial mixture models uncover complex covariate relationships},
  author              = {K{\'e}ry, M.},
  journal             = {The Auk},
  volume              = {125},
  number              = {2},
  pages               = {336--345},
  year                = {2008},
  publisher           = {BioOne}
}


@article{kery_schmid:2004,
  title               = {Monitoring programs need to take into account imperfect species detectability},
  author              = {K{\'e}ry, M. and Schmid, H.},
  journal             = {Basic and Applied Ecology},
  volume              = {5},
  number              = {1},
  pages               = {65--73},
  year                = {2004},
  publisher           = {Elsevier}
}


@article{kery_etal:2009,
  title               = {Trend estimation in populations with imperfect detection},
  author              = {Kery, M. and Dorazio, R.M. and Soldaat, L. and Van Strien, A. and Zuiderwijk, A. and Royle, J.A.},
  journal             = {Journal of Applied Ecology},
  volume              = {46},
  number              = {6},
  pages               = {1163--1172},
  year                = {2009},
  publisher           = {Wiley Online Library}
}


@article{kot_schaffer:1986,
  title={Discrete-time growth-dispersal models},
  author={Kot, M. and Schaffer, W.M.},
  journal={Mathematical Biosciences},
  volume={80},
  number={1},
  pages={109--136},
  year={1986},
  publisher={Elsevier}
}


@article{ladeau_etal:2007,
  title               = {West Nile virus emergence and large-scale declines of North American bird populations},
  author              = {LaDeau, S.L. and Kilpatrick, A.M. and Marra, P.P.},
  journal             = {Nature},
  volume              = {447},
  number              = {7145},
  pages               = {710--713},
  year                = {2007},
  publisher           = {Nature Publishing Group}
}


@article{lele_etal:1998,
  title={Statistical analysis of population dynamics inspace and time using estimating functions},
  author={Lele, S. and Taper, M.L. and Gage, S.},
  journal={Ecology},
  volume={79},
  number={5},
  pages={1489--1502},
  year={1998},
  publisher={Eco Soc America}
}


@article{link:2003,
  title               = {Nonidentifiability of Population Size from Capture-Recapture Data with Heterogeneous Detection Probabilities},
  author              = {Link, W.A.},
  journal             = {Biometrics},
  volume              = {59},
  number              = {4},
  pages               = {1123--1130},
  year                = {2003},
  publisher           = {Wiley Online Library}
}


@book{link_barker:2010,
 address              = {London, {UK}},
 author               = {Link, William A. and Barker, Richard J.},
 isbn                 = {9780123748546},
 publisher            = {Academic Press},
 shorttitle           = {Bayesian Inference},
 title                = {Bayesian Inference: With Ecological Applications},
 year                 = {2010},
 }


@article{link_nichols:1994,
  title={On the importance of sampling variance to investigations of temporal variation in animal population size},
  author={Link, W.A. and Nichols, J.D.},
  journal={Oikos},
  volume={69},
  number={3},
  pages={539--544},
  year={1994},
  publisher={JSTOR}
}


@article{link_sauer:1998,
  title               = {Estimating population change from count data: application to the North American Breeding Bird Survey},
  author              = {Link, W.A. and Sauer, J.R.},
  journal             = {Ecological Applications},
  volume              = {8},
  number              = {2},
  pages               = {258--268},
  year                = {1998},
  publisher           = {Eco Soc America}
}


@article{link_sauer:2002,
  title               = {A hierarchical analysis of population change with application to Cerulean Warblers},
  author              = {Link, W.A. and Sauer, J.R.},
  journal             = {Ecology},
  volume              = {83},
  number              = {10},
  pages               = {2832--2840},
  year                = {2002},
  publisher           = {Eco Soc America}
}




@article{link_etal:1994,
  title               = {Within-site variability in surveys of wildlife populations},
  author              = {Link, W.A. and Barker, R.J. and Sauer, J.R. and Droege, S.},
  journal             = {Ecology},
  pages               = {1097--1108},
  year                = {1994},
  publisher           = {JSTOR}
}


@book{mackenzie_etal:2006,
  title={Occupancy estimation and modeling: inferring patterns and dynamics of species occurrence},
  author={MacKenzie, D.I. and J.D Nichols and J.A. Royle and K.H. Pollock and L.L. Bailey and J.E. Hines},
  year={2006},
  publisher={Academic Press}
}



@article{marques_etal:2010,
  title               = {Point transect sampling along linear features},
  author              = {Marques, TA and Buckland, ST and Borchers, DL and Tosh, D. and McDonald, RA},
  journal             = {Biometrics},
  volume              = {66},
  number              = {4},
  pages               = {1247--1255},
  year                = {2010},
  publisher           = {Wiley Online Library}
}


@article{marsh_sinclair:1989,
  title               = {Correcting for visibility bias in strip transect aerial surveys of aquatic fauna},
  author              = {Marsh, H. and Sinclair, DF},
  journal             = {The Journal of wildlife management},
  pages               = {1017--1024},
  year                = {1989},
  publisher           = {JSTOR}
}


@book{matthews_etal:2004,
  title               = {Atlas of climate change effects in 150 bird species of the Eastern United States},
  author              = {Matthews, S.N. and O'Conner, Raymond and Iverson, Louis R. and Prasad, Anantha},
  year                = {2004},
  publisher           = {US Department of Agriculture, Forest Service, Northeastern Research Station}
}


@article{may:1975,
  title={Biological populations obeying difference equations: stable points, stable cycles, and chaos},
  author={May, R.M.},
  journal={Journal of Theoretical Biology},
  volume={51},
  number={2},
  pages={511--524},
  year={1975},
  publisher={Elsevier}
}


@article{mcshea_rappole:1997,
  title               = {Variable Song Rates in Three Species of Passerines and Implications for Estimating Bird Populations},
  author              = {McShea, WJ and Rappole, JH},
  journal             = {Journal of Field Ornithology},
  pages               = {367--375},
  year                = {1997},
  publisher           = {JSTOR}
}


@article{nadeem_lele:2011,
  title={Likelihood based population viability analysis in the presence of observation error},
  author={Nadeem, K. and Lele, S.R.},
  journal={Oikos},
  year={2011},
  publisher={Wiley Online Library}
}


@article{new_etal:2009,
  title={Fitting models of multiple hypotheses to partial population data: investigating the causes of cycles in red grouse},
  author={New, L.F. and Matthiopoulos, J. and Redpath, S. and Buckland, S.T.},
  journal={The American Naturalist},
  volume={174},
  number={3},
  pages={399--412},
  year={2009},
  publisher={JSTOR}
}


@article{new_etal:2011,
  title={Hen harrier management: insights from demographic models fitted to population data},
  author={New, L.F. and Buckland, S.T. and Redpath, S. and Matthiopoulos, J.},
  journal={Journal of Applied Ecology},
  year={2011},
  publisher={Wiley Online Library}
}


@article{nichols_etal:2000,
 author               = {Nichols, J. D. and Hines, J. E. and Sauer, J. R. and Fallon, F. W. and Fallon, J. E. and Heglund, P. J.},
 journal              = {The Auk},
 number               = {2},
 pages                = {393--408},
 title                = {A double-observer approach for estimating detection probability and abundance from point counts},
 volume               = {117},
 year                 = {2000}
}


@article{nichols_etal:2009,
 title                = {Inferences about landbird abundance from count data: recent advances and future directions},
 author               = {Nichols, J.D. and Thomas, L. and Conn, P.B.},
 journal              = {Modeling demographic processes in marked populations},
 pages                = {201--235},
 year                 = {2009}
}


@techreport{nawmp:1986,
  title               = {North American waterfowl management plan: a strategy for cooperation},
  author              = {{NAWMP}},
  institution         = {Canadian Wildlife Service and US Fish and Wildlife Service},
  year                = {1986},
  publisher           = {U.S. Department of Interior and Environment Canada}
}



@article{pacifici_etal:2008,
  title               = {Effects of vegetation and background noise on the detection process in auditory avian point-count surveys},
  author              = {Pacifici, K. and Simons, T.R. and Pollock, K.H.},
  journal             = {The Auk},
  volume              = {125},
  number              = {3},
  pages               = {600--607},
  year                = {2008},
  publisher           = {BioOne}
}


@article{polansky_etal:2009,
  title={Likelihood ridges and multimodality in population growth rate models},
  author={Polansky, L. and De Valpine, P. and Lloyd-Smith, J.O. and Getz, W.M.},
  journal={Ecology},
  volume={90},
  number={8},
  pages={2313--2320},
  year={2009},
  publisher={Eco Soc America}
}


@inproceedings{plummer:2003,
 author               = {Plummer, M.},
 booktitle            = {Proceedings of the 3rd International Workshop on Distributed Statistical Computing (DSC 2003). March},
 pages                = {20--22},
 title                = {JAGS: A program for analysis of Bayesian graphical models using Gibbs sampling},
 year                 = {2003},
 }


@Manual{plummer:2011,
  title = {rjags: Bayesian graphical models using MCMC},
  author = {Martyn Plummer},
  year = {2011},
  note = {R package version 3-5},
  url = {http://CRAN.R-project.org/package=rjags},
}



@article{pollock_etal:1984,
  title               = {The use of auxiliary variables in capture-recapture and removal experiments},
  author              = {Pollock, K.H. and Hines, J.E. and Nichols, J.D.},
  journal             = {Biometrics},
  pages               = {329--340},
  year                = {1984},
  publisher           = {JSTOR}
}


@article{pollock_etal:2002,
  title               = {Large scale wildlife monitoring studies: statistical methods for design and analysis},
  author              = {Pollock, K.H. and Nichols, J.D. and Simons, T.R. and Farnsworth, G.L. and Bailey, L.L. and Sauer, J.R.},
  journal             = {Environmetrics},
  volume              = {13},
  number              = {2},
  pages               = {105--119},
  year                = {2002},
  publisher           = {Wiley Online Library}
}


@Manual{R-2012,
  title = {R: A Language and Environment for Statistical Computing},
  author = {{R Development Core Team}},
  organization = {R Foundation for Statistical Computing},
  address = {Vienna, Austria},
  year = {2012},
  note = {{ISBN} 3-900051-07-0},
  url = {http://www.R-project.org/},
}




@article{reijnen_etal:1996,
 author               = {Rien Reijnen and Ruud Foppen and Henk Meeuwsen},
 title                = {The effects of traffic on the density of breeding birds in Dutch agricultural grasslands},
 journal              = {Biological Conservation},
 volume               = {75},
 number               = {3},
 pages                = {255--260},
 year                 = {1996}
}



@book{rich_etal:2004,
  title               = {North American landbird conservation plan},
  author              = {Rich, T. and others},
  year                = {2004},
  publisher           = {Cornell Lab of Ornithology}
}


@article{ricker:1954,
  title={Stock and recruitment},
  author={Ricker, W.E.},
  journal={Journal of the Fisheries Board of Canada},
  volume={11},
  number={5},
  pages={559--623},
  year={1954},
  publisher={NRC Research Press}
}



@article{riddle_etal:2010a,
  title               = {Effects of prior detections on estimates of detection probability, abundance, and occupancy},
  author              = {Riddle, J.D. and Mordecai, R.S. and Pollock, K.H. and Simons, T.R.},
  journal             = {The Auk},
  volume              = {127},
  number              = {1},
  pages               = {94--99},
  year                = {2010},
  publisher           = {JSTOR}
}


@article{riddle_etal:2010b,
  title               = {An unreconciled double-observer method for estimating detection probability and abundance},
  author              = {Riddle, J.D. and Pollock, K.H. and Simons, T.R.},
  journal             = {The Auk},
  volume              = {127},
  number              = {4},
  pages               = {841--849},
  year                = {2010},
  publisher           = {BioOne}
}


@article{riddle_etal:2010c,
  title               = {Separating components of the detection process with combined methods: an example with northern bobwhite},
  author              = {Riddle, J.D. and Stanislav, S.J. and Pollock, K.H. and Moorman, C.E. and Perkins, F.S.},
  journal             = {The Journal of Wildlife Management},
  volume              = {74},
  number              = {6},
  pages               = {1319--1325},
  year                = {2010},
  publisher           = {Wiley Online Library}
}


@techreport{robbins_etal:1986,
  title               = {The breeding bird survey: its first fifteen years, 1965-1979},
  author              = {Robbins, C.S. and Bystrak, D. and Geissler, P.H.},
  year                = {1986},
  institution         = {US Fish and Wildlife Service}
}


@article{robbins_etal:1989,
  title               = {Population declines in North American birds that migrate to the Neotropics},
  author              = {Robbins, C.S. and Sauer, J.R. and Greenberg, R.S. and Droege, S.},
  journal             = {Proceedings of the National Academy of Sciences},
  volume              = {86},
  number              = {19},
  pages               = {7658},
  year                = {1989},
  publisher           = {National Acad Sciences}
}


@inproceedings{rosenberg_blancher:2005,
  title               = {Setting numerical population objectives for priority landbird species},
  author              = {Rosenberg, K.V. and Blancher, P.J.},
  booktitle           = {Bird Conservation Implementation and Integration in the Americas: Proceedings of the Third International Partners in Flight Conference},
  editor              = {CJ Ralph and TD Rich},
  pages               = {57--67},
  publisher           = {US Department of Agriculture Forest Service, General Technical Report PSW-GTR-191},
  year                = {2005}
}


@article{royama:1977,
  title={Population persistence and density dependence},
  author={Royama, T.},
  journal={Ecological Monographs},
  pages={1--35},
  year={1977},
  publisher={JSTOR}
}


@article{royle:2004biom,
 title                = {N-Mixture Models for Estimating Population Size from Spatially Replicated Counts},
 author               = {Royle, J.A.},
 journal              = {Biometrics},
 volume               = {60},
 number               = {1},
 pages                = {108--115},
 year                 = {2004}
}


@article{royle_etal:2005,
  title               = {Modelling occurrence and abundance of species when detection is imperfect},
  author              = {Royle, J.A. and Nichols, J.D. and K{\'e}ry, M.},
  journal             = {Oikos},
  volume              = {110},
  number              = {2},
  pages               = {353--359},
  year                = {2005},
  publisher           = {Wiley Online Library}
}


@book{royle_dorazio:2008,
 author               = {Royle, J. A. and Dorazio, R. M.},
 publisher            = {Academic Press},
 title                = {Hierarchical modeling and inference in ecology: the analysis of data from populations, metapopulations and communities},
 year                 = {2008},
 }


@article{royle_etal:2004,
 author               = {J. A. Royle and D. K. Dawson and S. Bates},
 journal              = {Ecology},
 pages                = {1591--1597},
 title                = {Modeling abundance effects in distance sampling},
 volume               = {85},
 year                 = {2004},
 }


@article{sauer_etal:1994auk,
  title               = {Observer differences in the North American breeding bird survey},
  author              = {Sauer, J.R. and Peterjohn, B.G. and Link, W.A.},
  journal             = {The Auk},
  pages               = {50--62},
  year                = {1994},
  publisher           = {JSTOR}
}


@incollection{sauer_etal:1994,
  title               = {Statistical aspects of modeling population change from population size data},
  author              = {Sauer, J.R. and Barker, R.J. and Geissler, P.H.},
  booktitle           = {Wildlife toxicology and population modeling},
  editor              = {RJ Kendall and TE Lacher},
  pages               = {451--466},
  year                = {1994},
  publisher           = {Lewis},
  address             = {Boca Raton, Florida}
}


@article{sauer_link:2011,
  title               = {Analysis of the North American Breeding Bird Survey using hierarchical models},
  author              = {Sauer, J.R. and Link, W.A.},
  journal             = {The Auk},
  volume              = {128},
  number              = {1},
  pages               = {87--98},
  year                = {2011},
  publisher           = {BioOne}
}


@article{schoener_spiller:1992,
  title={Is extinction rate related to temporal variability in population size? An empirical answer for orb spiders},
  author={Schoener, T.W. and Spiller, D.A.},
  journal={American Naturalist},
  pages={1176--1207},
  year={1992},
  publisher={JSTOR}
}


@article{seavy_etal:2009,
  title={Postcatastrophe population dynamics and density dependence of an endemic island duck},
  author={Seavy, N.E. and Reynolds, M.H. and Link, W.A. and Hatfield, J.S.},
  journal={The Journal of Wildlife Management},
  volume={73},
  number={3},
  pages={414--418},
  year={2009},
  publisher={Wiley Online Library}
}


@book{seber:1982,
 author               = {Seber, G A F},
 booktitle            = {New York},
 title                = {{The estimation of animal abundance and related parameters}},
 year                 = {1982},
 publisher            = {Macmillan}
 }


@article{shenk_etal:1998,
  title={Sampling-variance effects on detecting density dependence from temporal trends in natural populations},
  author={Shenk, T.M. and White, G.C. and Burnham, K.P.},
  journal={Ecological Monographs},
  volume={68},
  number={3},
  pages={445--463},
  year={1998},
  publisher={Eco Soc America}
}


@article{sillett_etal:2012,
  title               = {Hierarchical distance sampling models to estimate population size and habitat-specific abundance of an island endemic},
  author              = {Sillett, S. and , R.B. and Royle, J.A. and K{\'e}ry, M. and Morrison, S.A.},
  journal             = {Ecological Applications},
  year                = {2012}
}


@article{simons_etal:2007,
 title                = {Experimental analysis of the auditory detection process on avian point counts},
 author               = {Simons, T.R. and Alldredge, M.W. and Pollock, K.H. and Wettroth, J.M. and Dufty Jr, AM},
 journal              = {The Auk},
 volume               = {124},
 number               = {3},
 pages                = {986--999},
 year                 = {2007}
}


@Unpublished{simons_etal:2010,
  author = 	 {Simons, T.R and K. Pollock and J. Riddle},
  title = 	 {Incorporating estimates of detection probability inot the {Breeding Bird Survey} potocol: assessment of current sampling methods},
  note = 	 {Research Work Order NC145},
  month = 	 {November},
  year = 	 {2010}
}



@TechReport{stateofbirds:2010,
  author = 	 {North American Bird Conservation Initiative, U.S. Committee},
  title = 	 {The State of the Birds: Report on Climate Change},
  institution =  {U.S. Department of Interior},
  year = 	 {2010},
  address = 	 {Washington, DC.},
  note = 	 {32 pages},
}

@TechReport{stateofbirds:2011,
  author = 	 {North American Bird Conservation Initiative, U.S. Committee},
  title = 	 {The State of the Birds: Report on Public Lands and Waters},
  institution =  {U.S. Department of Interior},
  year = 	 {2011},
  address = 	 {Washington, DC.},
  note = 	 {48 pages},
}


@article{summers_etal:2011,
  title               = {Are the negative effects of roads on breeding birds caused by traffic noise?},
  author              = {Summers, P.D. and Cunnington, G.M. and Fahrig, L.},
  journal             = {Journal of Applied Ecology},
  year                = {2011},
  publisher           = {Wiley Online Library}
}


@article{temple_wiens:1989,
  title               = {Bird populations and environmental changes: can birds be bio-indicators},
  author              = {Temple, S.A. and Wiens, J.A.},
  journal             = {American Birds},
  volume              = {43},
  number              = {2},
  pages               = {260--270},
  year                = {1989}
}


@article{thomas_etal:2005,
  title               = {A unified framework for modelling wildlife population dynamics},
  author              = {Thomas, L. and Buckland, S.T. and Newman, K.B. and Harwood, J.},
  journal             = {Australian \& New Zealand Journal of Statistics},
  volume              = {47},
  number              = {1},
  pages               = {19--34},
  year                = {2005},
  publisher           = {Wiley Online Library}
}


@article{thomas_etal:2006,
  title               = {Making BUGS Open},
  author              = {Andrew Thomas and Bob O'Hara and Uwe Ligges and Sibylle Sturtz},
  journal             = {R News},
  year                = {2006},
  volume              = {6},
  pages               = {12--17}
}


@article{turchin:1990,
  title={Rarity of density dependence or population regulation with lags?},
  author={Turchin, P.},
  journal={Nature},
  volume={344},
  number={6267},
  pages={660--663},
  year={1990},
  publisher={Nature Publishing Group}
}


@article{turchin_taylor:1992,
  title={Complex dynamics in ecological time series},
  author={Turchin, P. and Taylor, A.D.},
  journal={Ecology},
  volume={73},
  number={1},
  pages={289--305},
  year={1992},
  publisher={Eco Soc America}
}


@TechReport{usgs:2007,
  author = 	 {USGS},
  title = 	 {Staregic Plan for the North American Breeding Bird Survey: 2006--2007},
  institution =  {U.S. Geolocial Survey},
  year = 	 {2007},
  type = 	 {Cicular},
  number = 	 {1307},
  address =      {http://pubs.usgs.gov/circ/2007/1307/}
}


@article{viljugrein_etal:2005,
  title={Density dependence in North American ducks},
  author={Viljugrein, H. and Stenseth, N.C. and Smith, G.W. and Steinbakk, G.H.},
  journal={Ecology},
  volume={86},
  number={1},
  pages={245--254},
  year={2005},
  publisher={Eco Soc America}
}




@book{williams_etal:2002,
 author               = {Williams, B K and Nichols, J D and Conroy, M J},
 publisher            = {Academic Pr},
 title                = {{Analysis and management of animal populations: modeling, estimation, and decision making}},
 year                 = {2002},
 }


@article{yoccoz_etal:2001,
  title               = {Monitoring of biological diversity in space and time},
  author              = {Yoccoz, N.G. and Nichols, J.D. and Boulinier, T.},
  journal             = {Trends in Ecology \& Evolution},
  volume              = {16},
  number              = {8},
  pages               = {446--453},
  year                = {2001},
  publisher           = {Elsevier}
}


@article{ziolkowski_etal:2010,
  title               = {The 2003-2008 summary of the North American Breeding Bird Survey},
  author              = {Ziolkowski Jr., David J. and Parkieck, Keith L. and Sauer, John R.},
  journal             = {Bird Populations},
  volume              = {10},
  pages               = {90--109},
  year                = {2010}
}


@article{zippin:1958,
 annote               = {From Duplicate 1 ( The removal method of population estimation - Zippin, C )},
 author               = {Zippin, C},
 journal              = {Journal of Wildlife Management},
 number               = {1},
 pages                = {82--90},
 title                = {{The removal method of population estimation}},
 volume               = {22},
 year                 = {1958},
 }


@book{zucchini_macdonald:2009,
  title               = {Hidden Markov models for time series: an introduction using R},
  author              = {Zucchini, W. and MacDonald, I.L.},
  volume              = {110},
  year                = {2009},
  publisher           = {Chapman \& Hall/CRC}
}

