
@article{vindenes_individual_2008,
	title = {Individual heterogeneity in vital parameters and demographic stochasticity},
	volume = {171},
	url = {http://www.jstor.org/stable/10.1086/528965},
	number = {4},
	urldate = {2014-03-05},
	journal = {The American Naturalist},
	author = {Vindenes, Yngvild and Engen, Steinar and Sæther, Bernt-Erik},
	year = {2008},
	pages = {455–467},
	file = {[HTML] from jstor.org:C:\Users\hostetlerj\AppData\Roaming\Mozilla\Firefox\Profiles\r00mgzcx.default\zotero\storage\GVRS69TP\528965.html:text/html}
}